@ARTICLE{ReviewOfTTS:1,
	AUTHOR="Dennis H. Klatt",
	TITLE="Review of text‐to‐speech conversion for English",
	PUBLISHER="The Journal of the Acoustical Society of America, 82(3), pp.737-793",
	YEAR="1987",
},
@MISC{FESTIVAL:2,
	HOWPUBLISHED = "{\url{http://www.cstr.ed.ac.uk/projects/festival/}}",
	AUTHOR = "The Center for Speech Technology Research, The University of Edinburgh",
	TITLE = "Edinburgh Speech Tools",
	NOTE = "Accessed on 2018-04-06"
},
@MISC{FESTVOX:3,
	HOWPUBLISHED = "{\url{http://festvox.org/docs/speech_tools-2.4.0/estlicence.html}}",
	AUTHOR = "The Center for Speech Technology Research, The University of Edinburgh",
	TITLE = "The Festival Speech Synthesis System",
	NOTE = "Accessed on 2018-04-06"
},
@ARTICLE{UNITSEL:4,
	AUTHOR="Alan W. Black, Kevin A. Lenzo",
	TITLE="Optimal Data Selection for Unit Selection Synthesis",
	PUBLISHER="The 4th ISCA Worskop on Speech Synthesis",
	YEAR="2001",
},
@ARTICLE{HINDITTS:5,
	AUTHOR="S.P. Kishore, Rajeev Sangal and M. Srinivas",
	TITLE="Building Hindi and Telugu Voices using Festvox",
	PUBLISHER="Language Technologies Research Center International Institute of Information Technology Hyderabad",
	YEAR="2002",
}

